%YAML 1.1
%TAG !u! tag:unity3d.com,2011:
--- !u!1 &2262959530955581951
GameObject:
  m_ObjectHideFlags: 0
  m_CorrespondingSourceObject: {fileID: 0}
  m_PrefabInstance: {fileID: 0}
  m_PrefabAsset: {fileID: 0}
  serializedVersion: 6
  m_Component:
  - component: {fileID: 2262959530955581938}
  - component: {fileID: 2262959530955581939}
  - component: {fileID: 2262959530955581936}
  - component: {fileID: 2262959530955581937}
  - component: {fileID: 2262959530955581950}
  m_Layer: 9
  m_Name: ParedEnganchable
  m_TagString: Untagged
  m_Icon: {fileID: 0}
  m_NavMeshLayer: 0
  m_StaticEditorFlags: 1
  m_IsActive: 1
--- !u!4 &2262959530955581938
Transform:
  m_ObjectHideFlags: 0
  m_CorrespondingSourceObject: {fileID: 0}
  m_PrefabInstance: {fileID: 0}
  m_PrefabAsset: {fileID: 0}
  m_GameObject: {fileID: 2262959530955581951}
  m_LocalRotation: {x: 0, y: 0, z: 0, w: 1}
  m_LocalPosition: {x: 119, y: 21, z: 14}
  m_LocalScale: {x: 1, y: 1, z: 1}
  m_Children: []
  m_Father: {fileID: 0}
  m_RootOrder: 0
  m_LocalEulerAnglesHint: {x: 0, y: 0, z: 0}
--- !u!33 &2262959530955581939
MeshFilter:
  m_ObjectHideFlags: 0
  m_CorrespondingSourceObject: {fileID: 0}
  m_PrefabInstance: {fileID: 0}
  m_PrefabAsset: {fileID: 0}
  m_GameObject: {fileID: 2262959530955581951}
  m_Mesh: {fileID: 0}
--- !u!23 &2262959530955581936
MeshRenderer:
  m_ObjectHideFlags: 0
  m_CorrespondingSourceObject: {fileID: 0}
  m_PrefabInstance: {fileID: 0}
  m_PrefabAsset: {fileID: 0}
  m_GameObject: {fileID: 2262959530955581951}
  m_Enabled: 1
  m_CastShadows: 1
  m_ReceiveShadows: 1
  m_DynamicOccludee: 1
  m_MotionVectors: 1
  m_LightProbeUsage: 1
  m_ReflectionProbeUsage: 1
  m_RayTracingMode: 2
  m_RenderingLayerMask: 1
  m_RendererPriority: 0
  m_Materials:
  - {fileID: 2100000, guid: a26e4addd1014ba49afe004dc5f3af70, type: 2}
  m_StaticBatchInfo:
    firstSubMesh: 0
    subMeshCount: 0
  m_StaticBatchRoot: {fileID: 0}
  m_ProbeAnchor: {fileID: 0}
  m_LightProbeVolumeOverride: {fileID: 0}
  m_ScaleInLightmap: 1
  m_ReceiveGI: 1
  m_PreserveUVs: 0
  m_IgnoreNormalsForChartDetection: 0
  m_ImportantGI: 0
  m_StitchLightmapSeams: 1
  m_SelectedEditorRenderState: 2
  m_MinimumChartSize: 4
  m_AutoUVMaxDistance: 0.5
  m_AutoUVMaxAngle: 89
  m_LightmapParameters: {fileID: 0}
  m_SortingLayerID: 0
  m_SortingLayer: 0
  m_SortingOrder: 0
--- !u!114 &2262959530955581937
MonoBehaviour:
  m_ObjectHideFlags: 0
  m_CorrespondingSourceObject: {fileID: 0}
  m_PrefabInstance: {fileID: 0}
  m_PrefabAsset: {fileID: 0}
  m_GameObject: {fileID: 2262959530955581951}
  m_Enabled: 1
  m_EditorHideFlags: 0
  m_Script: {fileID: 11500000, guid: 8233d90336aea43098adf6dbabd606a2, type: 3}
  m_Name: 
  m_EditorClassIdentifier: 
  m_MeshFormatVersion: 1
  m_Faces:
  - m_Indexes: 000000000100000002000000010000000300000002000000
    m_SmoothingGroup: 0
    m_Uv:
      m_UseWorldSpace: 0
      m_FlipU: 0
      m_FlipV: 0
      m_SwapUV: 0
      m_Fill: 1
      m_Scale: {x: 1, y: 1}
      m_Offset: {x: 0, y: 0}
      m_Rotation: 0
      m_Anchor: 9
    m_Material: {fileID: 0}
    m_SubmeshIndex: 0
    m_ManualUV: 0
    elementGroup: -1
    m_TextureGroup: -1
  - m_Indexes: 0c0000000d0000000e0000000f0000000c0000000e000000
    m_SmoothingGroup: 0
    m_Uv:
      m_UseWorldSpace: 0
      m_FlipU: 0
      m_FlipV: 0
      m_SwapUV: 0
      m_Fill: 1
      m_Scale: {x: 1, y: 1}
      m_Offset: {x: 0, y: 0}
      m_Rotation: 0
      m_Anchor: 9
    m_Material: {fileID: 2100000, guid: c22777d6e868e4f2fb421913386b154e, type: 2}
    m_SubmeshIndex: 0
    m_ManualUV: 0
    elementGroup: 0
    m_TextureGroup: -1
  - m_Indexes: 120000001000000011000000120000001300000010000000
    m_SmoothingGroup: 0
    m_Uv:
      m_UseWorldSpace: 0
      m_FlipU: 0
      m_FlipV: 0
      m_SwapUV: 0
      m_Fill: 1
      m_Scale: {x: 1, y: 1}
      m_Offset: {x: 0, y: 0}
      m_Rotation: 0
      m_Anchor: 9
    m_Material: {fileID: 2100000, guid: c22777d6e868e4f2fb421913386b154e, type: 2}
    m_SubmeshIndex: 0
    m_ManualUV: 0
    elementGroup: 0
    m_TextureGroup: -1
  - m_Indexes: 150000001700000014000000150000001600000017000000
    m_SmoothingGroup: 0
    m_Uv:
      m_UseWorldSpace: 0
      m_FlipU: 0
      m_FlipV: 0
      m_SwapUV: 0
      m_Fill: 1
      m_Scale: {x: 1, y: 1}
      m_Offset: {x: 0, y: 0}
      m_Rotation: 0
      m_Anchor: 9
    m_Material: {fileID: 2100000, guid: c22777d6e868e4f2fb421913386b154e, type: 2}
    m_SubmeshIndex: 0
    m_ManualUV: 0
    elementGroup: 0
    m_TextureGroup: -1
  - m_Indexes: 18000000190000001a0000001b000000180000001a000000
    m_SmoothingGroup: 0
    m_Uv:
      m_UseWorldSpace: 0
      m_FlipU: 0
      m_FlipV: 0
      m_SwapUV: 0
      m_Fill: 1
      m_Scale: {x: 1, y: 1}
      m_Offset: {x: 0, y: 0}
      m_Rotation: 0
      m_Anchor: 9
    m_Material: {fileID: 2100000, guid: c22777d6e868e4f2fb421913386b154e, type: 2}
    m_SubmeshIndex: 0
    m_ManualUV: 0
    elementGroup: 0
    m_TextureGroup: -1
  - m_Indexes: 0700000008000000090000000a00000007000000090000000b000000070000000a000000050000000400000007000000040000000600000008000000070000000400000008000000
    m_SmoothingGroup: 0
    m_Uv:
      m_UseWorldSpace: 0
      m_FlipU: 0
      m_FlipV: 0
      m_SwapUV: 0
      m_Fill: 1
      m_Scale: {x: 1, y: 1}
      m_Offset: {x: 0, y: 0}
      m_Rotation: 0
      m_Anchor: 9
    m_Material: {fileID: 0}
    m_SubmeshIndex: 0
    m_ManualUV: 0
    elementGroup: 0
    m_TextureGroup: -1
  - m_Indexes: 4c0000004d0000004e0000004d0000004f0000004e0000004d000000520000004f00000052000000530000004f000000
    m_SmoothingGroup: 0
    m_Uv:
      m_UseWorldSpace: 0
      m_FlipU: 0
      m_FlipV: 0
      m_SwapUV: 0
      m_Fill: 1
      m_Scale: {x: 1, y: 1}
      m_Offset: {x: 0, y: 0}
      m_Rotation: 0
      m_Anchor: 9
    m_Material: {fileID: 0}
    m_SubmeshIndex: 0
    m_ManualUV: 0
    elementGroup: -1
    m_TextureGroup: -1
  - m_Indexes: 58000000590000005a000000590000005b0000005a000000500000005800000051000000580000005a00000051000000
    m_SmoothingGroup: 0
    m_Uv:
      m_UseWorldSpace: 0
      m_FlipU: 0
      m_FlipV: 0
      m_SwapUV: 0
      m_Fill: 1
      m_Scale: {x: 1, y: 1}
      m_Offset: {x: 0, y: 0}
      m_Rotation: 0
      m_Anchor: 9
    m_Material: {fileID: 0}
    m_SubmeshIndex: 0
    m_ManualUV: 0
    elementGroup: -1
    m_TextureGroup: -1
  - m_Indexes: 540000005500000056000000550000005700000056000000550000005c000000570000005c0000005d00000057000000
    m_SmoothingGroup: 0
    m_Uv:
      m_UseWorldSpace: 0
      m_FlipU: 0
      m_FlipV: 0
      m_SwapUV: 0
      m_Fill: 1
      m_Scale: {x: 1, y: 1}
      m_Offset: {x: 0, y: 0}
      m_Rotation: 0
      m_Anchor: 9
    m_Material: {fileID: 0}
    m_SubmeshIndex: 0
    m_ManualUV: 0
    elementGroup: -1
    m_TextureGroup: -1
  - m_Indexes: 48000000490000004a000000490000004b0000004a0000005e000000480000005f000000480000004a0000005f000000
    m_SmoothingGroup: 0
    m_Uv:
      m_UseWorldSpace: 0
      m_FlipU: 0
      m_FlipV: 0
      m_SwapUV: 0
      m_Fill: 1
      m_Scale: {x: 1, y: 1}
      m_Offset: {x: 0, y: 0}
      m_Rotation: 0
      m_Anchor: 9
    m_Material: {fileID: 0}
    m_SubmeshIndex: 0
    m_ManualUV: 0
    elementGroup: -1
    m_TextureGroup: -1
  - m_Indexes: 300000003100000032000000310000003300000032000000460000003000000047000000300000003200000047000000
    m_SmoothingGroup: 0
    m_Uv:
      m_UseWorldSpace: 0
      m_FlipU: 0
      m_FlipV: 0
      m_SwapUV: 0
      m_Fill: 1
      m_Scale: {x: 1, y: 1}
      m_Offset: {x: 0, y: 0}
      m_Rotation: 0
      m_Anchor: 9
    m_Material: {fileID: 0}
    m_SubmeshIndex: 0
    m_ManualUV: 0
    elementGroup: -1
    m_TextureGroup: -1
  - m_Indexes: 1c0000001e0000001d0000002e0000001c0000002f0000001c0000001d0000002f000000
    m_SmoothingGroup: 0
    m_Uv:
      m_UseWorldSpace: 0
      m_FlipU: 0
      m_FlipV: 0
      m_SwapUV: 0
      m_Fill: 1
      m_Scale: {x: 1, y: 1}
      m_Offset: {x: 0, y: 0}
      m_Rotation: 0
      m_Anchor: 9
    m_Material: {fileID: 0}
    m_SubmeshIndex: 0
    m_ManualUV: 0
    elementGroup: -1
    m_TextureGroup: -1
  - m_Indexes: 22000000230000002400000023000000250000002400000022000000240000001f000000
    m_SmoothingGroup: 0
    m_Uv:
      m_UseWorldSpace: 0
      m_FlipU: 0
      m_FlipV: 0
      m_SwapUV: 0
      m_Fill: 1
      m_Scale: {x: 1, y: 1}
      m_Offset: {x: 0, y: 0}
      m_Rotation: 0
      m_Anchor: 9
    m_Material: {fileID: 0}
    m_SubmeshIndex: 0
    m_ManualUV: 0
    elementGroup: -1
    m_TextureGroup: -1
  - m_Indexes: 38000000390000003a000000390000003b0000003a000000340000003800000035000000380000003a00000035000000
    m_SmoothingGroup: 0
    m_Uv:
      m_UseWorldSpace: 0
      m_FlipU: 0
      m_FlipV: 0
      m_SwapUV: 0
      m_Fill: 1
      m_Scale: {x: 1, y: 1}
      m_Offset: {x: 0, y: 0}
      m_Rotation: 0
      m_Anchor: 9
    m_Material: {fileID: 0}
    m_SubmeshIndex: 0
    m_ManualUV: 0
    elementGroup: -1
    m_TextureGroup: -1
  - m_Indexes: 3e0000003f000000400000003f0000004100000040000000360000003e000000370000003e0000004000000037000000
    m_SmoothingGroup: 0
    m_Uv:
      m_UseWorldSpace: 0
      m_FlipU: 0
      m_FlipV: 0
      m_SwapUV: 0
      m_Fill: 1
      m_Scale: {x: 1, y: 1}
      m_Offset: {x: 0, y: 0}
      m_Rotation: 0
      m_Anchor: 9
    m_Material: {fileID: 0}
    m_SubmeshIndex: 0
    m_ManualUV: 0
    elementGroup: -1
    m_TextureGroup: -1
  - m_Indexes: 280000002a00000029000000200000002800000021000000280000002900000021000000
    m_SmoothingGroup: 0
    m_Uv:
      m_UseWorldSpace: 0
      m_FlipU: 0
      m_FlipV: 0
      m_SwapUV: 0
      m_Fill: 1
      m_Scale: {x: 1, y: 1}
      m_Offset: {x: 0, y: 0}
      m_Rotation: 0
      m_Anchor: 9
    m_Material: {fileID: 0}
    m_SubmeshIndex: 0
    m_ManualUV: 0
    elementGroup: -1
    m_TextureGroup: -1
  - m_Indexes: 4200000043000000440000004300000045000000440000003c000000420000003d00000042000000440000003d000000
    m_SmoothingGroup: 0
    m_Uv:
      m_UseWorldSpace: 0
      m_FlipU: 0
      m_FlipV: 0
      m_SwapUV: 0
      m_Fill: 1
      m_Scale: {x: 1, y: 1}
      m_Offset: {x: 0, y: 0}
      m_Rotation: 0
      m_Anchor: 9
    m_Material: {fileID: 0}
    m_SubmeshIndex: 0
    m_ManualUV: 0
    elementGroup: -1
    m_TextureGroup: -1
  - m_Indexes: 2b0000002d0000002c000000260000002b000000270000002b0000002c00000027000000
    m_SmoothingGroup: 0
    m_Uv:
      m_UseWorldSpace: 0
      m_FlipU: 0
      m_FlipV: 0
      m_SwapUV: 0
      m_Fill: 1
      m_Scale: {x: 1, y: 1}
      m_Offset: {x: 0, y: 0}
      m_Rotation: 0
      m_Anchor: 9
    m_Material: {fileID: 0}
    m_SubmeshIndex: 0
    m_ManualUV: 0
    elementGroup: -1
    m_TextureGroup: -1
  - m_Indexes: 630000006200000061000000630000006100000060000000
    m_SmoothingGroup: 0
    m_Uv:
      m_UseWorldSpace: 0
      m_FlipU: 0
      m_FlipV: 0
      m_SwapUV: 0
      m_Fill: 1
      m_Scale: {x: 1, y: 1}
      m_Offset: {x: 0, y: 0}
      m_Rotation: 0
      m_Anchor: 9
    m_Material: {fileID: 2100000, guid: c22777d6e868e4f2fb421913386b154e, type: 2}
    m_SubmeshIndex: 0
    m_ManualUV: 0
    elementGroup: 0
    m_TextureGroup: -1
  m_SharedVertices:
  - m_Vertices: 000000000d0000001b000000
  - m_Vertices: 01000000130000001a000000
  - m_Vertices: 020000000e00000014000000
  - m_Vertices: 030000001200000015000000
  - m_Vertices: 0c000000180000002e0000002b00000062000000
  - m_Vertices: 0f000000170000001c0000002200000063000000
  - m_Vertices: 1000000019000000280000002600000061000000
  - m_Vertices: 1100000016000000230000002000000060000000
  - m_Vertices: 070000005a000000
  - m_Vertices: 080000004a000000
  - m_Vertices: 090000004e0000004b000000
  - m_Vertices: 0a0000004f000000
  - m_Vertices: 0b0000005300000051000000
  - m_Vertices: 050000005b00000056000000
  - m_Vertices: 0400000057000000
  - m_Vertices: 060000005d0000005f000000
  - m_Vertices: 4c000000490000003300000035000000
  - m_Vertices: 4d0000003a000000
  - m_Vertices: 52000000500000003b00000037000000
  - m_Vertices: 5800000040000000
  - m_Vertices: 5900000054000000410000003d000000
  - m_Vertices: 5500000044000000
  - m_Vertices: 5c0000005e0000004700000045000000
  - m_Vertices: 4800000032000000
  - m_Vertices: 300000001d000000
  - m_Vertices: 310000001e0000001f00000034000000
  - m_Vertices: 460000002f000000430000002d000000
  - m_Vertices: 2400000038000000
  - m_Vertices: 25000000390000003600000021000000
  - m_Vertices: 3e00000029000000
  - m_Vertices: 3f0000002a0000003c00000027000000
  - m_Vertices: 420000002c000000
  m_SharedTextures: []
  m_Positions:
  - {x: 4, y: -1, z: -1}
  - {x: 0, y: -1, z: -1}
  - {x: 4, y: 5, z: -1}
  - {x: 0, y: 5, z: -1}
  - {x: 2, y: 1.75, z: 2}
  - {x: 1.75, y: 1.75, z: 2}
  - {x: 2.25, y: 1.75, z: 2}
  - {x: 1.75, y: 2, z: 2}
  - {x: 2.25, y: 2, z: 2}
  - {x: 2.25, y: 2.25, z: 2}
  - {x: 2, y: 2.25, z: 2}
  - {x: 1.75, y: 2.25, z: 2}
  - {x: 4, y: -1, z: 0}
  - {x: 4, y: -1, z: -1}
  - {x: 4, y: 5, z: -1}
  - {x: 4, y: 5, z: 0}
  - {x: 0, y: -1, z: 0}
  - {x: 0, y: 5, z: 0}
  - {x: 0, y: 5, z: -1}
  - {x: 0, y: -1, z: -1}
  - {x: 4, y: 5, z: -1}
  - {x: 0, y: 5, z: -1}
  - {x: 0, y: 5, z: 0}
  - {x: 4, y: 5, z: 0}
  - {x: 4, y: -1, z: 0}
  - {x: 0, y: -1, z: 0}
  - {x: 0, y: -1, z: -1}
  - {x: 4, y: -1, z: -1}
  - {x: 4, y: 5, z: 0}
  - {x: 2.5, y: 2, z: 0.25}
  - {x: 2.5, y: 2.5, z: 0.25}
  - {x: 2.5, y: 2.5, z: 0.25}
  - {x: 0, y: 5, z: 0}
  - {x: 1.5, y: 2.5, z: 0.25}
  - {x: 4, y: 5, z: 0}
  - {x: 0, y: 5, z: 0}
  - {x: 2, y: 2.5, z: 0.25}
  - {x: 1.5, y: 2.5, z: 0.25}
  - {x: 0, y: -1, z: 0}
  - {x: 1.5, y: 1.5, z: 0.25}
  - {x: 0, y: -1, z: 0}
  - {x: 1.5, y: 2, z: 0.25}
  - {x: 1.5, y: 1.5, z: 0.25}
  - {x: 4, y: -1, z: 0}
  - {x: 2, y: 1.5, z: 0.25}
  - {x: 2.5, y: 1.5, z: 0.25}
  - {x: 4, y: -1, z: 0}
  - {x: 2.5, y: 1.5, z: 0.25}
  - {x: 2.5, y: 2, z: 0.25}
  - {x: 2.5, y: 2.5, z: 0.25}
  - {x: 2.25, y: 2, z: 0.50010014}
  - {x: 2.25, y: 2.25, z: 0.50010014}
  - {x: 2.5, y: 2.5, z: 0.25}
  - {x: 2.25, y: 2.25, z: 0.50010014}
  - {x: 1.5, y: 2.5, z: 0.25}
  - {x: 1.75, y: 2.25, z: 0.50010014}
  - {x: 2, y: 2.5, z: 0.25}
  - {x: 1.5, y: 2.5, z: 0.25}
  - {x: 2, y: 2.25, z: 0.50010014}
  - {x: 1.75, y: 2.25, z: 0.50010014}
  - {x: 1.5, y: 1.5, z: 0.25}
  - {x: 1.75, y: 1.75, z: 0.50010014}
  - {x: 1.5, y: 2, z: 0.25}
  - {x: 1.5, y: 1.5, z: 0.25}
  - {x: 1.75, y: 2, z: 0.50010014}
  - {x: 1.75, y: 1.75, z: 0.50010014}
  - {x: 2, y: 1.5, z: 0.25}
  - {x: 2.5, y: 1.5, z: 0.25}
  - {x: 2, y: 1.75, z: 0.50010014}
  - {x: 2.25, y: 1.75, z: 0.50010014}
  - {x: 2.5, y: 1.5, z: 0.25}
  - {x: 2.25, y: 1.75, z: 0.50010014}
  - {x: 2.25, y: 2, z: 0.50010014}
  - {x: 2.25, y: 2.25, z: 0.50010014}
  - {x: 2.25, y: 2, z: 2}
  - {x: 2.25, y: 2.25, z: 2}
  - {x: 2.25, y: 2.25, z: 0.50010014}
  - {x: 2, y: 2.25, z: 0.50010014}
  - {x: 2.25, y: 2.25, z: 2}
  - {x: 2, y: 2.25, z: 2}
  - {x: 1.75, y: 2.25, z: 0.50010014}
  - {x: 1.75, y: 2.25, z: 2}
  - {x: 1.75, y: 2.25, z: 0.50010014}
  - {x: 1.75, y: 2.25, z: 2}
  - {x: 1.75, y: 1.75, z: 0.50010014}
  - {x: 2, y: 1.75, z: 0.50010014}
  - {x: 1.75, y: 1.75, z: 2}
  - {x: 2, y: 1.75, z: 2}
  - {x: 1.75, y: 2, z: 0.50010014}
  - {x: 1.75, y: 1.75, z: 0.50010014}
  - {x: 1.75, y: 2, z: 2}
  - {x: 1.75, y: 1.75, z: 2}
  - {x: 2.25, y: 1.75, z: 0.50010014}
  - {x: 2.25, y: 1.75, z: 2}
  - {x: 2.25, y: 1.75, z: 0.50010014}
  - {x: 2.25, y: 1.75, z: 2}
  - {x: 0, y: 5, z: 0}
  - {x: 0, y: -1, z: 0}
  - {x: 4, y: -1, z: 0}
  - {x: 4, y: 5, z: 0}
  m_Textures0:
  - {x: 4, y: -1}
  - {x: 0, y: -1}
  - {x: 4, y: 5}
  - {x: 0, y: 5}
  - {x: -2, y: 1.75}
  - {x: -1.75, y: 1.75}
  - {x: -2.25, y: 1.75}
  - {x: -1.75, y: 2}
  - {x: -2.25, y: 2}
  - {x: -2.25, y: 2.25}
  - {x: -2, y: 2.25}
  - {x: -1.75, y: 2.25}
  - {x: 0, y: -1}
  - {x: -1, y: -1}
  - {x: -1, y: 5}
  - {x: 0, y: 5}
  - {x: 0, y: -1}
  - {x: 0, y: 5}
  - {x: 1, y: 5}
  - {x: 1, y: -1}
  - {x: 4, y: -1}
  - {x: 0, y: -1}
  - {x: 0, y: 0}
  - {x: 4, y: 0}
  - {x: -4, y: 0}
  - {x: 0, y: 0}
  - {x: -0, y: -1}
  - {x: -4, y: -1}
  - {x: -3.9455757, y: 5}
  - {x: -2.424885, y: 2}
  - {x: -2.424885, y: 2.5}
  - {x: -2.5, y: 2.462717}
  - {x: 0, y: 5}
  - {x: -1.5206907, y: 2.5}
  - {x: -4, y: 4.975186}
  - {x: 0, y: 4.975186}
  - {x: -2, y: 2.462717}
  - {x: -1.5, y: 2.462717}
  - {x: -0, y: -0.9950372}
  - {x: -1.5, y: 1.5174317}
  - {x: -0, y: -1}
  - {x: -1.5206907, y: 2}
  - {x: -1.5206907, y: 1.5}
  - {x: -4, y: -0.9950372}
  - {x: -2, y: 1.5174317}
  - {x: -2.5, y: 1.5174317}
  - {x: -3.9455757, y: -1}
  - {x: -2.424885, y: 1.5}
  - {x: -1.590601, y: 2}
  - {x: -1.590601, y: 2.5}
  - {x: -1.2369767, y: 2}
  - {x: -1.2369767, y: 2.25}
  - {x: 2.5, y: -1.590601}
  - {x: 2.25, y: -1.2369767}
  - {x: -1.2372599, y: 2.5}
  - {x: -1.5908841, y: 2.25}
  - {x: 2, y: -1.590601}
  - {x: 1.5, y: -1.590601}
  - {x: 2, y: -1.2369767}
  - {x: 1.75, y: -1.2369767}
  - {x: -1.5, y: 1.2372599}
  - {x: -1.75, y: 1.5908841}
  - {x: -1.2372599, y: 2}
  - {x: -1.2372599, y: 1.5}
  - {x: -1.5908841, y: 2}
  - {x: -1.5908841, y: 1.75}
  - {x: -2, y: 1.2372599}
  - {x: -2.5, y: 1.2372599}
  - {x: -2, y: 1.5908841}
  - {x: -2.25, y: 1.5908841}
  - {x: -1.590601, y: 1.5}
  - {x: -1.2369767, y: 1.75}
  - {x: 0.50010014, y: 2}
  - {x: 0.50010014, y: 2.25}
  - {x: 2, y: 2}
  - {x: 2, y: 2.25}
  - {x: 2.25, y: 0.50010014}
  - {x: 2, y: 0.50010014}
  - {x: 2.25, y: 2}
  - {x: 2, y: 2}
  - {x: -0.50010014, y: 2.25}
  - {x: -2, y: 2.25}
  - {x: 1.75, y: 0.50010014}
  - {x: 1.75, y: 2}
  - {x: -1.75, y: 0.50010014}
  - {x: -2, y: 0.50010014}
  - {x: -1.75, y: 2}
  - {x: -2, y: 2}
  - {x: -0.50010014, y: 2}
  - {x: -0.50010014, y: 1.75}
  - {x: -2, y: 2}
  - {x: -2, y: 1.75}
  - {x: -2.25, y: 0.50010014}
  - {x: -2.25, y: 2}
  - {x: 0.50010014, y: 1.75}
  - {x: 2, y: 1.75}
  - {x: 0, y: 5}
  - {x: 0, y: -1}
  - {x: 4, y: -1}
  - {x: 4, y: 5}
  m_Textures2: []
  m_Textures3: []
  m_Tangents:
  - {x: 1, y: 0, z: 0, w: -1}
  - {x: 1, y: 0, z: 0, w: -1}
  - {x: 1, y: 0, z: 0, w: -1}
  - {x: 1, y: 0, z: 0, w: -1}
  - {x: -1, y: 0, z: 0, w: -1}
  - {x: -1, y: 0, z: 0, w: -1}
  - {x: -1, y: 0, z: 0, w: -1}
  - {x: -1, y: 0, z: 0, w: -1}
  - {x: -1, y: 0, z: 0, w: -1}
  - {x: -1, y: 0, z: 0, w: -1}
  - {x: -1, y: 0, z: 0, w: -1}
  - {x: -1, y: 0, z: 0, w: -1}
  - {x: 0, y: 0, z: 1, w: -1}
  - {x: 0, y: 0, z: 1, w: -1}
  - {x: 0, y: 0, z: 1, w: -1}
  - {x: 0, y: 0, z: 1, w: -1}
  - {x: 0, y: 0, z: -1, w: -1}
  - {x: 0, y: 0, z: -1, w: -1}
  - {x: 0, y: 0, z: -1, w: -1}
  - {x: 0, y: 0, z: -1, w: -1}
  - {x: 1, y: 0, z: 0, w: -1}
  - {x: 1, y: 0, z: 0, w: -1}
  - {x: 1, y: 0, z: 0, w: -1}
  - {x: 1, y: 0, z: 0, w: -1}
  - {x: -1, y: 0, z: 0, w: -1}
  - {x: -1, y: 0, z: 0, w: -1}
  - {x: -1, y: 0, z: 0, w: -1}
  - {x: -1, y: 0, z: 0, w: -1}
  - {x: -0.9863939, y: 0, z: 0.164399, w: -1}
  - {x: -0.9863939, y: 0, z: 0.164399, w: -1}
  - {x: -0.9863939, y: 0, z: 0.164399, w: -1}
  - {x: -1, y: 0, z: 0, w: -1}
  - {x: -0.9863939, y: 0, z: -0.164399, w: -1}
  - {x: -0.9863939, y: 0, z: -0.164399, w: -1}
  - {x: -1, y: 0, z: 0, w: -1}
  - {x: -1, y: 0, z: 0, w: -1}
  - {x: -1, y: 0, z: 0, w: -1}
  - {x: -1, y: 0, z: 0, w: -1}
  - {x: -1, y: 0, z: 0, w: -1}
  - {x: -1, y: 0, z: 0, w: -1}
  - {x: -0.9863939, y: 0, z: -0.164399, w: -1}
  - {x: -0.9863939, y: 0, z: -0.164399, w: -1}
  - {x: -0.9863939, y: 0, z: -0.164399, w: -1}
  - {x: -1, y: 0, z: 0, w: -1}
  - {x: -1, y: 0, z: 0, w: -1}
  - {x: -1, y: 0, z: 0, w: -1}
  - {x: -0.9863939, y: 0, z: 0.164399, w: -1}
  - {x: -0.9863939, y: 0, z: 0.164399, w: -1}
  - {x: -0.70696515, y: 0, z: 0.7072484, w: -1}
  - {x: -0.7069652, y: 0, z: 0.7072484, w: -1}
  - {x: -0.70696515, y: 0, z: 0.7072484, w: -1}
  - {x: -0.7069652, y: 0, z: 0.7072484, w: -1}
  - {x: 1, y: 0, z: 0, w: -1}
  - {x: 1, y: 0, z: 0, w: -1}
  - {x: -0.7069652, y: 0, z: -0.7072484, w: -1}
  - {x: -0.7069652, y: 0, z: -0.7072484, w: -1}
  - {x: 1, y: 0, z: 0, w: -1}
  - {x: 1, y: 0, z: 0, w: -1}
  - {x: 1, y: 0, z: 0, w: -1}
  - {x: 1, y: 0, z: 0, w: -1}
  - {x: -1, y: 0, z: 0, w: -1}
  - {x: -1, y: 0, z: 0, w: -1}
  - {x: -0.70696515, y: 0, z: -0.7072484, w: -1}
  - {x: -0.7069652, y: 0, z: -0.7072484, w: -1}
  - {x: -0.70696515, y: 0, z: -0.7072484, w: -1}
  - {x: -0.7069652, y: 0, z: -0.7072484, w: -1}
  - {x: -1, y: 0, z: 0, w: -1}
  - {x: -1, y: 0, z: 0, w: -1}
  - {x: -1, y: 0, z: 0, w: -1}
  - {x: -1, y: 0, z: 0, w: -1}
  - {x: -0.7069652, y: 0, z: 0.7072484, w: -1}
  - {x: -0.7069652, y: 0, z: 0.7072484, w: -1}
  - {x: 0, y: 0, z: 1, w: -1}
  - {x: 0, y: 0, z: 1, w: -1}
  - {x: 0, y: 0, z: 1, w: -1}
  - {x: 0, y: 0, z: 1, w: -1}
  - {x: 1, y: 0, z: 0, w: -1}
  - {x: 1, y: 0, z: 0, w: -1}
  - {x: 1, y: 0, z: 0, w: -1}
  - {x: 1, y: 0, z: 0, w: -1}
  - {x: 0, y: 0, z: -1, w: -1}
  - {x: 0, y: 0, z: -1, w: -1}
  - {x: 1, y: 0, z: 0, w: -1}
  - {x: 1, y: 0, z: 0, w: -1}
  - {x: -1, y: 0, z: 0, w: -1}
  - {x: -1, y: 0, z: 0, w: -1}
  - {x: -1, y: 0, z: 0, w: -1}
  - {x: -1, y: 0, z: 0, w: -1}
  - {x: 0, y: 0, z: -1, w: -1}
  - {x: 0, y: 0, z: -1, w: -1}
  - {x: 0, y: 0, z: -1, w: -1}
  - {x: 0, y: 0, z: -1, w: -1}
  - {x: -1, y: 0, z: 0, w: -1}
  - {x: -1, y: 0, z: 0, w: -1}
  - {x: 0, y: 0, z: 1, w: -1}
  - {x: 0, y: 0, z: 1, w: -1}
  - {x: 1, y: 0, z: 0, w: -1}
  - {x: 1, y: 0, z: 0, w: -1}
  - {x: 1, y: 0, z: 0, w: -1}
  - {x: 1, y: 0, z: 0, w: -1}
  m_Colors: []
  m_UnwrapParameters:
    m_HardAngle: 88
    m_PackMargin: 20
    m_AngleError: 8
    m_AreaError: 15
  m_PreserveMeshAssetOnDestroy: 0
  assetGuid: 
  m_IsSelectable: 1
  m_SelectedFaces: 00000000
  m_SelectedEdges:
  - a: 0
    b: 1
  - a: 2
    b: 0
  - a: 1
    b: 3
  - a: 3
    b: 2
  m_SelectedVertices: 00000000010000000200000003000000
--- !u!64 &2262959530955581950
MeshCollider:
  m_ObjectHideFlags: 0
  m_CorrespondingSourceObject: {fileID: 0}
  m_PrefabInstance: {fileID: 0}
  m_PrefabAsset: {fileID: 0}
  m_GameObject: {fileID: 2262959530955581951}
  m_Material: {fileID: 0}
  m_IsTrigger: 0
  m_Enabled: 1
  serializedVersion: 4
  m_Convex: 0
  m_CookingOptions: 30
  m_Mesh: {fileID: 0}
